%
%  An example of a bibliographical database for bibTeX
%
%  Recommended software for maintenance of *.bib files:
%    JabRef, http://jabref.sourceforge.net/
%
%  BEWARE:
%
%    *  If a name contains a capital letter, which must be kept such,
%       use curly brackets ({T}hailand, {HIV}).
%
%  ===========================================================================

@ONLINE{rdf,
  author = {W3C - RDF Core Working Group},
  title = {{R}{D}{F} - Semantic Web Standards},
  month = {Feb},
  year = {2014},
  url = {http://www.w3.org/RDF/}
}
@ONLINE{ld,
  author = {Heath, Tom and Linked Data Community},
  title = {Linked Data: Connect Distributed Data across the Web},
  year = {2013},
  url = {http://linkeddata.org/}
}

@BOOK{Andel07,
  title = {Základy matematické statistiky},
  publisher = {Matfyzpress},
  year = {2007},
  author = {Anděl, J.},
  address = {Praha},
  series = {Druhé opravené vydání},
  isbn = {80-7378-001-1}
}
